
@book{succi,
author = "Succi, S.",
title = "The Lattice Boltzmann Equation for Fluid Dynamics and Beyond",
year = "2001",
publisher = "Oxford University Press"
}
